=LDR  00872nas a2200277K  4500
=001  ocm10085854\\\\
=005  19831102162621.0
=008  831102d19531956paumr\p\\\\\\\0uuu\0eng\d
=040  \\$aCRL$cCRL
=049  \\$aCRLS
=090  \\$aTX791
=099  \\$aHd Cpy
=245  00$aConfectioners' journal for candy manufacturers.
=260  \\$aPhiladelphia.
=300  \\$av.$bill.
=362  0\$av. 79-    (no. 941-    ); June 1953-
=362  1\$aCeased July 1956.
=500  \\$aBinder's title for vol. 79: Confectioners' journal.
=866  \0$av.79 (no.941-947)   Jun-Dec 1953.
=866  \0$av.80 (no.948-959)   1954.
=780  00$tConfectioners' journal.
=780  04$tCandy industry.
=780  04$tCandy industry and confectioners' journal.
=907  \\$a.b10111220$b05-05-17$c03-09-93
=998  \\$acrls$b02-01-93$cs$d-$e-$feng$gpau$h0$i1

