=LDR  01643cas a2200445 a 4500
=001  ocm11849577\\\\
=003  OCoLC
=005  19970221123224.0
=008  850326d19851994ohubr1p\\\\\\\0\\\a0eng\d
=010  \\$a92656070$zsc 85007250$zsn 85061135
=012  \\$a2$i9209$my
=022  0\$a0886-3741
=030  \\$aCMARER
=037  \\$bCandy Marketer, Circulation Dept., P.O. Box 6260, Duluth, Minn. 55806-9960
=040  \\$aCRL$cCRL$dHUL$dNSD$dDLC$dNSD$dIUL$dNST$dNSD$dDLC$dHUL$dCRL
=042  \\$alc$ansdp
=049  \\$aCRLS
=050  00$aHD9330.C65$bC36
=099  \\$aHd Cpy
=130  0\$aCandy marketer (Cleveland, Ohio)
=210  0\$aCandy mark.$b(1985)
=222  \0$aCandy marketer$b(1985)
=245  00$aCandy marketer.
=260  \\$aCleveland, Ohio :$bMagazines For Industry,$cc1985-1994.
=300  \\$av. :$bill. ;$c28 cm.
=310  \\$aBimonthly.
=362  0\$aVol. 1, no. 1 (Jan./Feb. 1985)- v. 10 no. 2 (Mar./Apr. 1994)
=500  \\$aTitle from cover.
=500  \\$aVols. for <Jan./Feb. 1992-> published by: Edgell Communications, Inc.
=515  \\$aVol. 8, no. 1 misnumbered as v. 7, no. 1.
=510  2\$aBioBusiness$b1990-
=866  \0$av.1-10, no.2 (Jan/Feb 1985-Mar/Apr 1994); LACKS: v.8, no.6.
=866  \0$aSerial   v.9, no.1 (Jan/Feb 1993)-v.10, no.2 (Mar/Apr 1994)
=650  \0$aCandy industry$vPeriodicals.
=650  \0$aConfectionery$vPeriodicals.
=780  00$tCandy marketer quarterly$x0733-9070$w(DLC)   82644456$w(OCoLC)8404478.
=850  \\$aDLC$aICRL$aInU$aMH-BA$aMiD.
=907  \\$a.b10238694$b05-15-18$c03-10-93
=998  \\$acrls$b02-21-97$cs$d-$e-$feng$gohu$h0$i1

