=LDR  01018cas a2200349 a 4500
=001  ocm08404478\\\\\
=005  19850408174059.0
=008  820506d19821984nyuqr1p\\\r\\\0uuua0eng\\
=010  \\$a82644456
=012  \\$a3$b3$m1
=022  0\$a0733-9070
=032  \\$a548370$bUSPS
=040  \\$aDLC$cFTC$dDLC$dNSD$dDLC$dNST$dCRL
=042  \\$alc$ansdp
=049  \\$aCRLS
=090  \\$aTX783
=099  \\$aHd Cpy
=210  0\$aCandy mark. q.
=222  \0$aCandy marketer quarterly.
=245  00$aCandy marketer quarterly :$bCMQ.
=246  10$aCMQ.
=260  \\$aNew York, N.Y. :$bMagazines for Industry,$cc1982-
=300  \\$av. :$bill.
=310  \\$aQuarterly.
=362  0\$aVol. 1, no. 1- v. 3, no. 4.
=500  \\$aTitle from cover.
=866  \0$av.1, no.1-3, no.4 1982-1984.
=780  00$tCandy marketer$x0008-5545$w(DLC)   66042081.
=785  00$tCandy marketer (New York : 1985)
=907  \\$a.b11774691$b05-23-16$c03-16-93
=998  \\$acrls$b02-01-93$cs$d-$e-$feng$gnyu$h0$i1

