=LDR  01756cas a2200505 a 4500
=001  ocm08820994
=003  OCoLC
=005  20101112022028.0
=008  820930c19829999miumr\p\\\\\\\0\\\a0eng\c
=010  \\$a83641365 $zsn 82007149
=010  \\$a83641365$zsn 82007149
=012  \\$a3$b3$ly$m1
=022  0\$a0745-1032$l0745-1032$y0744-9453$21
=029  1\$aNLGGC$b15226857X
=029  1\$aNZ1$b4929011
=029  1\$aAU@$b000002643532
=029  1\$aAU@$b000024283088
=030  \\$aCANIDE
=032  \\$a088300$bUSPS
=035  \\$a(OCoLC)8820994
=037  \\$bBNP Media, 2401 W. Big Beaver Rd., Ste. 700, Troy, MI 48084-3333
=040  \\$aNSD$cNSD$dDLC$dNST$dDLC$dNST$dAIP$dNST$dNSD$dNST$dOCLCQ$dNSD$dOCLCQ
=042  \\$apcc$ansdp
=049  \\$aCRLS
=050  00$aHD9999.C72$bC2
=082  0\$a338.4/7664153/05$219
=099  \\$aHd Cpy
=130  0\$aCandy industry (New York, N.Y. : 1982)
=210  0\$aCandy ind.$b(1982)
=222  \0$aCandy industry$b(1982)
=245  00$aCandy industry.
=260  \\$a[New York, N.Y. :$bMagazines for Industry,$c1982-
=300  \\$av. :$bill. ;$c28 cm.
=310  \\$aMonthly.
=362  0\$aVol. 147, no. 7 (July 1982)- = Who. no. 1805-
=500  \\$aTitle from cover.
=500  \\$aPublished: Troy, Mich. : BNP Media, <2007- >
=866  \0$av.147, no.7-v.152, no.3 (Jul 1982-Mar 1987); LACKS: v.151, no.1; v.152, no.1-2.
=650  \0$aCandy industry$vPeriodicals.
=780  00$tCandy & snack industry$x0744-9453$w(OCoLC)2445710.
=850  \\$aAU$aCU-A$aDLC$aICRL$aICarbS$aIU$aMiDW$aMiEM$aNN$aNcRS$aPPD$aPPi$aPSt$aTU$aViBlbV$aWM.
=907  \\$a.b11875161$b05-16-17$c03-17-93
=998  \\$acrls$b02-01-93$cs$d-$e-$feng$gmiu$h0$i1
=936  \\$aOct. 1982 (surrogate)

