=LDR  01029cas a2200349 a 4500
=001  ocm07259053\\\\\
=008  810325d19uu1982nyuar1\\\r\\\\0uuua0eng\d
=010  \\$a82644981
=012  \\$a3$b7
=022  1\$a0734-3183
=035  \\$a751875
=037  \\$b747 Third Ave., New York, N.Y. 10017
=040  \\$aAGL$cAGL$dDLC$dNSD$dNST$dDLC$dCRL
=042  \\$alc$ansdp
=043  \\$an-us---
=049  \\$aCRLS
=090  \\$aTX783
=099  \\$aHd Cpy
=222  \0$aCandy & snack industry buying guide.
=245  00$aCandy & snack industry buying guide.
=246  20$aCandy and snack industry.$pBuying guide.
=260  \\$aNew York :$bMagazines for Industry,$c[    -1981]
=300  \\$av. :$bill. ;$c28 cm.
=310  \\$aAnnual.
=362  0\$a-v. 35 (1982)
=500  \\$aDescription based on: Vol. 35 (1982)
=866  \0$av.35   1982.
=785  00$tCandy industry buying guide.
=907  \\$a.b11957153$b05-23-16$c03-17-93
=998  \\$acrls$b02-01-93$cs$d-$e-$feng$gnyu$h0$i1
=936  \\$a1982

