=LDR  01996cas a2200577   4500
=001  ocm02445710
=003  OCoLC
=005  20101112022028.0
=008  760712d19711982nyumr\p\\\\\\\0\\\a0eng\d
=010  \\$asn 82005878
=010  \\$asn 82005878
=012  \\$j0$md
=015  \\$a011062169$2dnb
=016  7\$a191483-2$2DE-600
=022  0\$a0744-9453$l0744-9453$21
=029  1\$aAU@$b000020282262
=029  1\$aGBVCP$b129425958
=035  \\$a(OCoLC)2445710
=040  \\$aQPR$cQPR$dCOO$dNSD$dNST$dOCL$dNST$dNSD$dOCL$dOCLCQ$dAGL$dGBVCP
=042  \\$ansdp
=049  \\$aCRLS
=050  \4$aHD9999.C72$bC3
=070  0\$a389.8$bC168
=072  \0$aQ104
=072  \0$aE700
=099  \\$aHd Cpy
=210  0\$aCandy snack ind.
=222  \0$aCandy & snack industry.
=245  00$aCandy & snack industry.
=246  13$aCandy and snack industry.
=260  \\$aNew York$bMagazines for Industry.
=300  \\$av.$bill.$c28 cm.
=310  \\$aMonthly$b1978-June 1982.
=321  \\$aThirteen times a year,$b1971-1977.
=362  0\$av.136, no.6-v.147, no.6; May 1971-June 1982.
=500  \\$a"Covering the manufacturing of candy, chocolate, cough drops, chewing gum, nuts, biscuits, crackers, pretzels and other snacks."
=588  \\$aDescription based on: Vol. 136, no. 6 (May 1971); title from cover.
=588  \\$aLatest issue consulted: Vol. 147, no. 6 (June 1982)
=866  \0$av.138, no.11-v.144.
=866  \0$aOct 1973-1979.
=866  \0$av.145-147, no.6.
1980-Jun 1982.
=650  \0$aCandy industry$vPeriodicals.
=650  \0$aConfectionery$vPeriodicals.
=780  00$tCandy & baked snack industry$w(OCoLC)2445709.
=785  00$tCandy industry (New York, N.Y. : 1982)$x0745-1032$w(DLC)   83641365$w(OCoLC)8820994.
=850  \\$aDNAL$aICRL$aNN$aNcRS$aViBlbV$aWM.
=907  \\$a.b12785957$b09-13-19$c03-21-93
=998  \\$acrls$b02-01-93$cs$d-$e-$feng$gnyu$h0$i1
=936  \\$aunknown$aMay 1982

