=LDR  01456cas a22004211  4500
=001  ocm02445713
=003  OCoLC
=005  20101112022028.0
=008  760712d19621981nyumr\p\\\\\\\0\\\a0eng\\
=010  \\$a66042081 $zsn 79004154
=010  \\$a66042081 //r822$zsn 79004154
=012  \\$a2$b3$j0$k1$md
=022  0\$a0008-5545$l0008-5545$21
=029  1\$aAU@$b000020225309
=035  \\$a(OCoLC)2445713
=040  \\$aDLC$cQPR$dNSD$dIUL$dNSD$dDLC$dNSD$dDLC$dNSD$dNST$dNSD$dIUL$dNST$dDLC$dIUL$dOCLCQ
=042  \\$ansdp$apcc
=049  \\$aCRLS
=050  00$aHD9330.C65$bC35
=082  \\$a381/.45664153/05
=099  \\$aHd Cpy
=210  0\$aCandy mark.$b(1962)
=222  \0$aCandy marketer$b(1962)
=245  00$aCandy marketer.
=260  \\$aNew York,$bMagazines for Industry.
=300  \\$a28 v.$bill.$c29 cm.
=310  \\$aMonthly.
=362  0\$av. 1-28; July 1962-Dec. 1981.
=520  \\$aBeginning in 1963 the Dec. issue called also Almanac & buyers directory, 1964-
=866  \0$av.22-28   (1975-1981); LACKS: v.23, no.2-11; v.24, no.7; v.27, no.12; v.28, no.10.
=650  \0$aConfectionery$vPeriodicals.
=730  0\$aAlmanac & buyers directory.
=785  00$tCandy marketer quarterly$x0733-9070$w(DLC)   82644456$w(OCoLC)8404478$g1982.
=850  \\$aDLC$aICRL$aMiD$aViBlbV.
=907  \\$a.b12785969$b05-23-16$c03-21-93
=998  \\$acrls$b02-01-93$cs$d-$e-$feng$gnyu$h0$i1
=936  \\$aUnknown$aMar. 1979

