=LDR  00855nas a2200265K  4500
=001  ocm09993280\\\\\
=005  19831007170540.0
=008  831007d19441956nyuer\p\\\\\\\0uuu\0eng\d
=040  \\$aCRL$cCRL
=049  \\$aCRLS
=090  \\$aTX791
=099  \\$aHd Cpy
=245  00$aCandy industry.
=260  \\$aNew York.
=300  \\$av.$bill.
=310  \\$aBiweekly.
=362  1\$aPublished Aug. 19, 1944-July 24, 1956.
=515  \\$aNumbering irregular.
=866  \0$av.6-19, no.63-245 (Jan 18, 1947-1953); LACKS: no.80-82, 84-87, 154, 157, 180.
=866  \0$av.22-24, no.273-308 (1955-Jun 1956); LACKS: no.272, 298-299, 303-305.
=785  07$tConfectioners journal.
=785  07$tCandy industry and confectioners journal.
=907  \\$a.b13270801$b09-11-17$c03-24-93
=998  \\$acrls$b02-01-93$cs$d-$ef$feng$gnyu$h0$i1

