=LDR  01653cas a2200469 a 4500
=001  ocm09104005\\\\\
=005  19880809132810.0
=008  830106c19839999nyuar1\\\\r\\\0uuua0eng\d
=010  \\$a83645170
=012  \\$a3$b3$i8404$lb
=022  0\$a0739-8921
=037  \\$bCandy Industry Buying Guide, P.O. Box 6258, Duluth, Minn. 55806
=040  \\$aCRL$cCRL$dDLC$dNSD$dNST$dDLC$dNST$dDLC$dNST$dCRL
=042  \\$alc$ansdp
=043  \\$an-us---
=049  \\$aCRLS
=090  \\$aTX791
=099  \\$aHd Cpy
=210  0\$aCandy ind. buy. guide.
=222  \0$aCandy industry buying guide.
=245  00$aCandy industry buying guide.
=246  17$aBuying guide.
=260  \\$a[New York :$bMagazines for Industry,$cc1982-
=300  \\$av. :$bill. ;$c28 cm.
=310  \\$aAnnual.
=362  0\$aVol. 36 (1983)-
=500  \\$aTitle from cover.
=500  \\$aSuppl. to: Candy industry (New York, N.Y. : 1982)
=866  \0$av.36-39  1983-1986.
=650  \0$aConfectionery$vDirectories.
=650  \0$aCandy industry$vDirectories.
=650  \0$aConfectionery$zUnited States$vDirectories.
=650  \0$aConfectionery$vPeriodicals.
=650  \0$aCandy industry$zUnited States$vDirectories.
=650  \0$aCandy industry$vPeriodicals.
=730  0\$aCandy industry (New York, N.Y. : 1982)
=772  0\$tCandy industry (New York, N.Y. : 1982)$x0745-1032$w(DLC)   83641365$w(OCoLC)8820994.
=780  00$tCandy & snack industry buying guide$x0734-3183$w(DLC)   82644981$w(OCoLC)7259053.
=907  \\$a.b13302437$b05-23-16$c03-24-93
=998  \\$acrls$b02-01-93$cs$d-$e-$feng$gnyu$h0$i1
=936  \\$aVol. 39 (1986) LIC

