=LDR  01350cas a2200373Ma 4500
=001  ocm34031731
=003  OCoLC
=005  20110727112000.0
=008  940623d19271928ilumr\p\\\\\\\0\\\\0eng\d
=035  \\$a(OCoLC)34031731
=040  \\$aNYP$cNYP$dOCL$dOCLCQ$dAGL
=043  \\$an-us---
=049  \\$aCRLL
=070  0\$a389.8$bC162
=072  \0$aE700
=072  \0$aQ000
=099  \\$aCHLA
=130  0\$aCandy (Evanston, Ill.)
=245  10$aCandy.
=260  \\$aEvanston, Ill. :$bEmmet Boyles,$c1927-1928.
=300  \\$a2 v. :$bill. ;$c30 cm.
=310  \\$aMonthly.
=362  0\$aVol. 7, no. 2 (Feb. 1927)-v. 16, no. 2 (Feb. 1928)
=515  \\$aVolume numbering jumps from v. 7, no. 4 (Apr. 1927) to v. 15, no. 5 (May 1927)
=580  \\$aAbsorbed by: Candy gazette, Mar. 1928. (Cataloged under an earlier title. See: Confectioners' and bakers' gazette)
=588  \\$aDescription based on: Vol. 7, no. 2 (Feb. 1927); title from cover.
=588  \\$aLatest issue consulted: Vol. 15, no. 5 (May 1927)
=650  \0$aCandy industry$zUnited States$vPeriodicals.
=780  00$tCandy factory jobber$w(OCoLC)34031718.
=780  05$tCandy and ice cream retailer$gFeb. 1927$w(OCoLC)33289097.
=785  14$tCandy gazette$w(OCoLC)49939209.
=850  \\$aDNAL.
=907  \\$a.b28096228$b08-13-12$c08-24-11
=998  \\$a2agr$b08-24-11$cs$d-$en$feng$gilu$h0$i1

