=LDR  00976cas a2200325Ma 4500
=001  ocm33289097
=003  OCoLC
=005  20110727112000.0
=008  940624d19241927ilumr\p\\\\\\\0\\\\0eng\d
=035  \\$a(OCoLC)33289097
=040  \\$aNYP$cNYP$dOCL$dAGL
=043  \\$an-us---
=049  \\$aCRLL
=070  0\$a389.8$bC165
=072  \0$aE700
=072  \0$aQ000
=082  \4$a664.153
=099  \\$aCHLA
=245  00$aCandy and ice cream retailer.
=260  \\$aChicago :$bBoyles Candy Publications,$c1924-1927.
=300  \\$a4 v. :$bill.$c21-30 cm.
=310  \\$aMonthly.
=362  0\$aVol. 35, no. 1 (Jan. 1924)-v. 38, no. 1 (Jan. 1927)
=650  \0$aCandy industry$zUnited States$vPeriodicals.
=650  \0$aIce cream industry$zUnited States$vPeriodicals.
=780  00$tCandy and ice cream$w(OCoLC)37474330.
=785  04$tCandy (Evanston, Ill.)$gFeb. 1927.
=850  \\$aDNAL.
=907  \\$a.b2809623x$b08-13-12$c08-24-11
=998  \\$a2agr$b08-24-11$cs$d-$en$feng$gilu$h0$i1

