=LDR  01296cas a2200349 a 4500
=001  ocm37474330
=003  OCoLC
=005  20110727112000.0
=008  940624d19141923ilumr\p\\\\\\\0\\\\0eng\d
=035  \\$a(OCoLC)37474330
=040  \\$aNYP$cNYP$dOCL$dOCLCQ$dPLF$dAGL
=043  \\$an-us---
=049  \\$aCRLL
=070  0\$a389.8$bC165
=072  \0$aE700
=072  \0$aQ000
=092  \\$a664.153$bC1609aa
=099  \\$aCHLA
=245  00$aCandy and ice cream.
=260  \\$aChicago :$bModern Confectioner Pub. Co.,$c1914-1923.
=300  \\$av. :$bill. ;$c31 cm.
=310  \\$aMonthly.
=362  0\$aVol. 25, no. 5 (July 1914)-v. 34, no. 12 (Dec. 1923)
=515  \\$aFeb. 1915-Feb. 1919 have vol. numering and continuous numbering: v. 26, no. 301-v. 29, no. 344; numbering within the volume reesumes with v. 30, no. 1 (Mar. 1919)
=550  \\$aVols. for 1914-May 1923 published by Modern Confectioner Pub. Co.; June 1923-Dec. 1923 by Boyles Candy Publications.
=650  \0$aCandy industry$zUnited States$vPeriodicals.
=650  \0$aIce cream industry$zUnited States$vPeriodicals.
=780  00$tModern confectioner.
=785  00$tCandy and ice cream retailer$w(OCoLC)33289097.
=850  \\$aDNAL.
=907  \\$a.b28096241$b08-13-12$c08-24-11
=998  \\$a2agr$b08-24-11$cs$d-$en$feng$gilu$h0$i1

