=LDR  00962cas a2200313Ia 4500
=001  ocm49939209
=003  OCoLC
=005  20110727112000.0
=008  020606d192u1928nyuwr\p\\\\\\\0\\\\0eng\d
=035  \\$a(OCoLC)49939209
=040  \\$aPLF$beng$cPLF$dOCLCQ
=049  \\$aCRLL
=092  \\$a664.153$bC161ad
=099  \\$aCHLA
=245  00$aCandy gazette.
=260  \\$aNew York :$bEmmet Boyles.
=300  \\$av. :$bill. ;$c41 cm.
=310  \\$aWeekly.
=362  0\$a-48th year, no. 31 (Aug. 27 1928)
=362  1\$aBegan with vol. 48, no. 3 (Feb. 13 1928)?
=500  \\$aPublisher varies.
=588  \\$aDescription based on: 48th year, no. 7 (Mar. 12 1928)
=650  \0$aCandy industry$vPeriodicals.
=650  \0$aBaked products industry$vPeriodicals.
=650  \0$aConfectionery$vPeriodicals.
=780  00$tConfectioners' weekly gazette.
=785  00$tCandy weekly.
=907  \\$a.b28096253$b08-13-12$c08-24-11
=998  \\$a2agr$b08-24-11$cs$d-$en$feng$gnyu$h0$i1

