=LDR  01036nas a2200337 a 4500
=001  ocn643160707
=003  OCoLC
=005  20110727112000.0
=008  100623u192uuuuuonc||\p\\\\\\\|\\\\0eng\d
=035  \\$a(OCoLC)643160707
=040  \\$aAGL$cAGL
=043  \\$an-cn---
=049  \\$aCRLL
=070  0\$a389.8$bC163
=072  \0$aQ104
=072  \0$aE700
=072  \0$aQ004
=099  \\$aCHLA
=245  00$aCandy.
=260  \\$aToronto, Ont. :$bR.H. Bedell.
=310  \\$aMonthly.
=362  1\$aBegan in the 1920's.
=500  \\$a"Official organ of the confectionery, biscuit and chocolate industries of Canada."
=588  \\$aDescription based on: Vol. 4,  no. 3 (Mar. 1925); title from cover.
=588  \\$aLatest issue consulted: Vol. 5, no.  6 (July 1926)
=650  \0$aCandy industry$zCanada$vPeriodicals.
=650  \0$aCookie industry$zCanada$vPeriodicals.
=650  \0$aChocolate industry$zCanada$vPeriodicals.
=850  \\$aDNAL.
=907  \\$a.b28096277$b08-13-12$c08-24-11
=998  \\$a2agr$b08-24-11$cs$d-$en$feng$gonc$h0$i1

