=LDR  00952cas a2200289Ia 4500
=001  ocm49939287
=003  OCoLC
=005  20110727112000.0
=008  020606d192919uunyuer\p\\\\\\\0\\\\0eng\d
=035  \\$a(OCoLC)49939287
=040  \\$aPLF$cPLF$dOCLCQ
=049  \\$aCRLL
=092  \\$a664.153$bC161af
=099  \\$aCHLA
=245  00$aCandy.
=260  \\$aNew York :$bNational Food Products Publications,$c1929-
=300  \\$av. :$bill. ;$c30 cm.
=310  \\$aBiweekly.
=362  0\$a49th year, no. 20 (June 15, 1929)-
=362  1\$aCeased with May 6, 1930?$zCf. Union list of serials.
=515  \\$aNumeration changes from ... year to volume with vol. 50, no. 35 (Feb 1 1939)
=650  \0$aCandy industry$vPeriodicals.
=650  \0$aBaked products industry$vPeriodicals.
=650  \0$aConfectionery$vPeriodicals.
=780  00$tCandy weekly$w(OCoLC)49939264.
=907  \\$a.b28096289$b08-13-12$c08-24-11
=998  \\$a2agr$b08-24-11$cs$d-$en$feng$gnyu$h0$i1

