=LDR  01249cas a2200361 a 4500
=001  ocm09993280
=003  OCoLC
=005  20110727112000.0
=008  831007d19441956nyuer\p\\\\\\\0\\\\0eng\d
=035  \\$a(OCoLC)9993280
=040  \\$aCRL$cCRL$dAGL
=049  \\$aCRLL
=050  \4$aTX791$b.G24 C21
=070  0\$a389.8$bC168
=072  \0$aQ104
=072  \0$aE700
=099  \\$aCHLA
=245  00$aCandy industry.
=260  \\$3Aug. 1944-<Jan. 1948> :$aNew York :$bFood Trade Journals, Inc.
=260  3\$3<Mar. 1948>-July 1956 :$aNew York :$bDon Gussow Publications.
=300  \\$av. :$bill. ;$c35 cm.
=310  \\$aBiweekly.
=362  1\$aBegan with v. 1, no. 1 (Aug. 19, 1944) and ceased with v. 25, no. 2 (July 24, 1956)
=515  \\$aNumbering irregular.
=588  \\$aDescription based on: Vol. 1, no. 4 (Sept. 30, 1944); title from cover.
=588  \\$aLatest issue consulted: Vol. . 25, no. 2 (July 24, 1956)
=650  \0$aCandy industry$vPeriodicals.
=650  \0$aConfectionery$vPeriodicals.
=785  07$tConfectioners journal$w(OCoLC)2446132.
=785  07$tCandy industry and confectioner's journal$w(OCoLC)2445712.
=850  \\$aDNAL.
=907  \\$a.b28096290$b08-13-12$c08-24-11
=998  \\$a2agr$b08-24-11$cs$d-$en$feng$gnyu$h0$i1

