=LDR  01029cas a2200325 a 4500
=001  ocn642833547
=003  OCoLC
=005  20110727112000.0
=008  100622d19uu1925ilu||\p\\\\\\\|\\\\0eng\d
=035  \\$a(OCoLC)642833547
=040  \\$aAGL$cAGL$dAGL
=043  \\$an-us---
=049  \\$aCRLL
=070  0\$a389.8$bC164
=072  \0$aE700
=072  \0$aQ000
=099  \\$aCHLA
=245  00$aCandy jobber.
=260  \\$3<1923>-1924:$aChicago :$bModern Confectioner Pub. Co.
=260  3\$31925:$aChicago :$bBoyles Candy Publications.
=310  \\$aMonthly.
=362  1\$aCeased with v. 5, no. 9 (Sept. 1925)
=588  \\$aDescription based on: Vol. 3, no. 12 (Dec. 1923); title from cover.
=588  \\$aLatest issue consulted: Vol. 5,  no. 9 (Sept. 1925)
=650  \0$aCandy industry$zUnited States$vPeriodicals.
=785  07$tCandy factory$w(OCoLC)34031705.
=785  07$tCandy factory jobber$w(OCoLC)34031718.
=850  \\$aDNAL.
=907  \\$a.b28096307$b08-13-12$c08-24-11
=998  \\$a2agr$b08-24-11$cs$d-$en$feng$gilu$h0$i1

