=LDR  00781nas a2200265K  4500
=001  ocm10085854
=003  OCoLC
=005  20110727112000.0
=008  831102d19531956paumr\p\\\\\\\0\\\\0eng\d
=035  \\$a(OCoLC)10085854
=040  \\$aCRL$cCRL
=049  \\$aCRLL
=082  \4$a664.153
=099  \\$aCHLA
=245  00$aConfectioners' journal for candy manufacturers.
=260  \\$aPhiladelphia.
=300  \\$av.$bill.
=362  0\$av. 79-    (no. 941-    ); June 1953-
=362  1\$aCeased July 1956.
=500  \\$aBinder's title for vol. 79: Confectioners' journal.
=780  00$tConfectioners' journal.
=780  04$tCandy industry.
=780  04$tCandy industry and confectioners' journal.
=907  \\$a.b28096502$b08-13-12$c08-24-11
=998  \\$a2agr$b08-24-11$cs$d-$en$feng$gpau$h0$i1

