=LDR  01120cas a2200349 a 4500
=001  ocm34031718
=003  OCoLC
=005  20110727112007.0
=008  940623d19251927ilumr\p\\\\\\\0\\\\0eng\d
=035  \\$a(OCoLC)34031718
=040  \\$aNYP$cNYP$dOCL$dAGL
=043  \\$an-us---
=049  \\$aCRLL
=070  0\$a389.8$bC162
=072  \0$aE700
=072  \0$aQ000
=099  \\$aCHLA
=245  00$aCandy factory jobber.
=260  \\$aChicago :$bEmmet Boyles,$c1925-1927.
=300  \\$a3 v. :$bill. ;$c30 cm.
=310  \\$aMonthly.
=362  0\$aVol. 5, no. 10 (Oct. 1925)-v. 6, no. 7 (July 1926); Aug. 1926-Jan. 1927.
=515  \\$aNumbering dropped with Aug. 1926.
=588  \\$aDescription based on: Vol. 5, no. 10 (Oct. 1925); title from cover.
=588  \\$aLatest issue consulted: Jan. 1927.
=650  \0$aCandy industry$zUnited States$vPeriodicals.
=780  04$tCandy factory$w(OCoLC)34031705.
=780  04$tCandy jobber$w(OCoLC)642833547.
=785  00$tCandy (Evanston, Ill.)$w(OCoLC)34031731.
=850  \\$aDNAL.
=907  \\$a.b28099552$b08-13-12$c08-24-11
=998  \\$a2agr$b08-24-11$cs$d-$en$feng$gilu$h0$i1

