=LDR  01002cas a2200325 a 4500
=001  ocm34031705
=003  OCoLC
=005  20110727112007.0
=008  940623d19uu1925ilumr\p\\\\\\\0\\\\0eng\d
=035  \\$a(OCoLC)34031705
=040  \\$aNYP$cNYP$dOCL$dOCLCQ$dAGL
=043  \\$an-us---
=049  \\$aCRLL
=070  0\$a389.8$bC162
=072  \0$aE700
=072  \0$aQ000
=099  \\$aCHLA
=245  00$aCandy factory.
=260  \\$aChicago :$bBoyles Candy Publications Group,$c-1925.
=300  \\$av. :$bill. ;$c30 cm.
=310  \\$aMonthly.
=362  0\$a-v. 5, no. 9 (Sept. 1925)
=588  \\$aDescription based on: Vol. 3, no. 3 (Mar. 1923); title from cover.
=588  \\$aLatest issue consulted: Vol. 5,  no. 9 (Sept. 1925)
=650  \0$aCandy industry$zUnited States$vPeriodicals.
=785  07$tCandy jobber$w(OCoLC)642833547.
=785  07$tCandy factory jobber$w(OCoLC)34031718.
=850  \\$aDNAL.
=907  \\$a.b28099564$b08-13-12$c08-24-11
=998  \\$a2agr$b08-24-11$cs$d-$en$feng$gilu$h0$i1

