=LDR  00844cas a2200277Ia 4500
=001  ocm49939264
=003  OCoLC
=005  20110727112007.0
=008  020606d19281929nyuwr\p\\\\\\\0\\\\0eng\d
=035  \\$a(OCoLC)49939264
=040  \\$aPLF$cPLF$dOCLCQ
=049  \\$aCRLL
=092  \\$a664.153$bC161ae
=099  \\$aCHLA
=245  00$aCandy weekly.
=260  \\$aNew York :$bNational Trade Journals,$c1928-1929.
=300  \\$av. :$bill. ;$c30 cm.
=310  \\$aWeekly.
=362  0\$a48th year, no. 32 (Sept. 3, 1928)-49th year, no. 19 (June 3, 1929)
=650  \0$aCandy industry$vPeriodicals.
=650  \0$aBaked products industry$vPeriodicals.
=650  \0$aConfectionery$vPeriodicals.
=780  00$tCandy gazette$w(OCoLC)49939209.
=785  00$tCandy.
=907  \\$a.b28099576$b08-13-12$c08-24-11
=998  \\$a2agr$b08-24-11$cs$d-$en$feng$gnyu$h0$i1

