=LDR  01234cas a2200349 a 4500
=001  ocm02445712
=003  OCoLC
=005  20110727112007.0
=008  760712d19561968nyuer\p\\\\\\\0\\\\0eng\d
=035  \\$a(OCoLC)2445712
=040  \\$aQPR$cQPR$dOCL$dAGL
=049  \\$aCRLL
=050  \4$aHD9999.C72$bC3
=070  0\$a389.8$bC168
=072  \0$aQ104
=072  \0$aE700
=099  \\$aCHLA
=245  00$aCandy industry and confectioner's journal.
=260  \\$3Aug. 7, 1956-July 4, 1961:$aNew York :$bDon Gussow Publications.
=260  3\$3July 18, 1961-May 14, 1968:$aNew York :$bMagazines for Industry.
=310  \\$aBiweekly.
=362  1\$aBegan with v. 107, no. 3 (Aug. 7, 1956) and ceased with v. 130,  no. 10 (May 14, 1968)
=588  \\$aDescription based on: Vol. 107, no. 3 (Aug. 7, 1956); title from cover.
=588  \\$aLatest issue consulted: Vol. 130, no. 10 (May 14, 1968)
=650  \0$aCandy industry$vPeriodicals.
=650  \0$aConfectionery$vPeriodicals.
=780  04$tCandy industry$w(OCoLC)9993280.
=780  04$tConfectioners journal$w(OCoLC)2446132.
=785  00$tCandy industry$w(OCoLC)2445711.
=850  \\$aDNAL.
=907  \\$a.b28099588$b08-13-12$c08-24-11
=998  \\$a2agr$b08-24-11$cs$d-$en$feng$gnyu$h0$i1

